% Correct Bibtex entries are best obtained by cut-and-paste from 
% Spires or Inspire. 
% - They might still need some editing of Latex symbols in 
%   the titles. 
% - Page ranges should in many cases be shortened to just 
%   having the start page.
% - Collaborations might need to be added or indeed just the word 
%   "collaboration" put after them.

% Below are a set of standard references to use for LHCb.

% The LHCb detector paper
@article{Alves:2008zz,
      author         = "Alves~Jr., A. A. and others",
      title          = "{The \lhcb detector at the LHC}",
      collaboration  = "LHCb collaboration",
      journal        = "JINST",
      volume         = "3",
      pages          = "S08005",
      doi            = "10.1088/1748-0221/3/08/S08005",
      year           = "2008",
}

% The HLT1 in 2010 data
@lhcbreport{LHCb-PUB-2011-003,
      author       = "Gligorov, Vladimir V",
      title        = "{A single track HLT1 trigger}",
      number       = "LHCb-PUB-2011-003",
}  

% The trigger conditions for Run 1
@lhcbreport{LHCb-PUB-2014-046,
      author       = "Puig, Albert",
      title        = "{The LHCb trigger in 2011 and 2012}",
      number       = "LHCb-PUB-2014-046",
}  

% LHCb Topological Trigger Reoptimization - Run 2
@article{LHCb-PROC-2015-018,
      author        = "Likhomanenko, T. and others",
      title         = "{LHCb topological trigger reoptimization}",
      journal       = "J. Phys. Conf. Ser.",
      volume        = "664",
      pages         = "082025",
      doi           = "10.1088/1742-6596/664/8/082025",
      month         = "Oct",
      year          = "2015",
      reportNumber  = "LHCb-PROC-2015-018",
}

% PID performance
@article{LHCb-PROC-2011-008,
      author         = "Powell, A. and others",
      title          = "{Particle identification at LHCb}",
      journal        = "PoS",
      volume         = "ICHEP2010",
      pages          = "020",
      year           = "2010",
      note           = "\href{https://cdsweb.cern.ch/record/1322666?ln=en}{LHCb-PROC-2011-008}",
      SLACcitation   = "%%CITATION = POSCI,ICHEP2010,020;%%",
}

% The LHCb simulation
@article{LHCb-PROC-2011-006,
  author="Clemencic, M and others",
  title="{The \lhcb simulation application, Gauss: Design, evolution and experience}",
  journal="J. Phys. Conf. Ser.",
  volume={331},
  pages={032023},
  doi={10.1088/1742-6596/331/3/032023},
  year={2011},
}

% Pythia tuning
@article{LHCb-PROC-2010-056,
      author         = "Belyaev, I. and others",
      title          = "{Handling of the generation of primary events
                         in Gauss, the LHCb simulation framework}",
      journal="J. Phys. Conf. Ser.",
      volume={331},
      pages={032047},
      doi={10.1088/1742-6596/331/3/032047},
      year={2011},
}

% Pythia tuning
@article{LHCb-PROC-2010-056_OLD,
      author         = "Belyaev, I. and others",
      title          = "{Handling of the generation of primary events
in Gauss, the LHCb simulation framework}",
      journal        = "Nuclear Science Symposium Conference Record
(NSS/MIC)",
      volume         = "IEEE",
      pages          = "1155",
      year           = "2010",
      doi            = "10.1109/NSSMIC.2010.5873949",
}

% The PDG 2018 version
@article{PDG2018,
     author    = "Tanabashi, M. and others",
 collaboration = "Particle Data Group",
     title     = "{\href{http://pdg.lbl.gov/}{Review of particle physics}}",
     journal   = "Phys. Rev.",
     volume    = "D98",
     year      = "2018",
     pages     = "030001",
}
%      doi       = "", % Not yet available.

% The PDG 2017 version (PDG 2016 + 2017 updates announced 31-May-17)
% Is no longer available online.
@article{PDG2017:DoNotUse,
     author    = "Patrignani, C. and others",
 collaboration = "Particle Data Group",
     title     = "{\href{http://pdg.lbl.gov/}{Review of particle physics}}",
     journal   = "Chin. Phys.",
     volume    = "C40",
     year      = "2016",
     pages     = "100001",
     doi       = "10.1088/1674-1137/40/10/100001",
     note      = "and {\href{http://pdglive.lbl.gov/}{2017 update}}",
}

% The PDG 2016 version
@article{PDG2016,
     author    = "Patrignani, C. and others",
 collaboration = "Particle Data Group",
     title     = "{\href{http://pdg.lbl.gov/}{Review of particle physics}}",
     journal   = "Chin. Phys.",
     volume    = "C40",
     year      = "2016",
     pages     = "100001",
     doi       = "10.1088/1674-1137/40/10/100001",
}

% The PDG 2014 version
@article{PDG2014,
     author    = "Olive, K. A. and others",
 collaboration = "Particle Data Group",
     title     = "{\href{http://pdg.lbl.gov/}{Review of particle physics}}",
     journal   = "Chin. Phys.",
     volume    = "C38",
     year      = "2014",
     pages     = "090001",
     doi       = "10.1088/1674-1137/38/9/090001",
}

% The PDG 2012 version
@article{PDG2012,
     author    = "Beringer, J. and others",
 collaboration = "Particle Data Group",
     title     = "{\href{http://pdg.lbl.gov/}{Review of particle physics}}",
     journal   = "Phys. Rev.",
     volume    = "D86",
     year      = "2012",
     pages     = "010001",
     doi       = "10.1103/PhysRevD.86.010001",
     note      = "{and 2013 partial update for the 2014 edition}",
}

% HFLAV
@article{HFLAV16,
      author         = "Amhis, Y. and others",
      collaboration  = "Heavy Flavor Averaging Group",
      title          = "{Averages of $b$-hadron, $c$-hadron, and $\tau$-lepton
                        properties as of summer 2016}",
      journal        = "Eur. Phys. J.",
      volume         = "C77",
      pages          = "895",
      doi            = "10.1140/epjc/s10052-017-5058-4",
      year           = "2017",
      eprint         = "1612.07233",
      archivePrefix  = "arXiv",
      primaryClass   = "hep-ex",
      reportNumber   = "FERMILAB-PUB-16-611-ND",
      SLACcitation   = "%%CITATION = ARXIV:1612.07233;%%",
      note           = "{updated results and plots available at \href{https://hflav.web.cern.ch}{{\texttt{https://hflav.web.cern.ch}}}}",
}

% HFAG pre-2016
@article{Amhis:2014hma,
      author         = "Amhis, Y. and others",
      title          = "{Averages of $b$-hadron, $c$-hadron, and $\tau$-lepton
                        properties as of summer 2014}",
      collaboration  = "Heavy Flavor Averaging Group",
      year           = "2014",
      eprint         = "1412.7515",
      archivePrefix  = "arXiv",
      primaryClass   = "hep-ex",
      reportNumber   = "FERMILAB-PUB-15-004-PPD",
      SLACcitation   = "%%CITATION = ARXIV:1412.7515;%%"
}

% Pythia 6.4
@article{Sjostrand:2006za,
      author         = {Sj\"{o}strand, Torbj\"{o}rn and Mrenna, Stephen and 
                       Skands, Peter"},
      title          = "{PYTHIA 6.4 physics and manual}",
      journal        = "JHEP",
      volume         = "05",
      pages          = "026",
      doi            = "10.1088/1126-6708/2006/05/026",
      year           = "2006",
      eprint         = "hep-ph/0603175",
      archivePrefix  = "arXiv",
      primaryClass   = "hep-ph",
}

@article{Sjostrand:2007gs,
      author         = {Sj\"{o}strand, Torbj\"{o}rn and Mrenna, Stephen and
                        Skands, Peter"},
      title          = "{A brief introduction to PYTHIA 8.1}",
      journal        = "Comput. Phys. Commun.",
      volume         = "178",
      pages          = "852-867",
      doi            = "10.1016/j.cpc.2008.01.036",
      year           = "2008",
      eprint         = "0710.3820",
      archivePrefix  = "arXiv",
      primaryClass   = "hep-ph",
      reportNumber   = "CERN-LCGAPP-2007-04, LU-TP-07-28,
                        FERMILAB-PUB-07-512-CD-T",
      SLACcitation   = "%%CITATION = ARXIV:0710.3820;%%",
}

%GEANT4 (the two below should be used together)
@Article{Agostinelli:2002hh,
     author    = "Agostinelli, S. and others",
 collaboration = "Geant4 collaboration",
     title     = "{Geant4: A simulation toolkit}",
     journal   = "Nucl. Instrum. Meth.",
     volume    = "A506",
     year      = "2003",
     pages     = "250",
     doi       = "10.1016/S0168-9002(03)01368-8",
     SLACcitation  = "%%CITATION = NUIMA,A506,250;%%"
}

@article{Allison:2006ve,
      author         = "Allison, John and Amako, K. and Apostolakis, J. and
                        Araujo, H. and Dubois, P.A. and others",
 collaboration = "Geant4 collaboration",
      title          = "{Geant4 developments and applications}",
      journal        = "IEEE Trans.Nucl.Sci.",
      volume         = "53",
      pages          = "270",
      doi            = "10.1109/TNS.2006.869826",
      year           = "2006",
      reportNumber   = "SLAC-PUB-11870",
      SLACcitation   = "%%CITATION = IETNA,53,270;%%",
}

%DIRAC
@article{Tsaregorodtsev:2010zz,
      author         = "Tsaregorodtsev, A. and Brook, N. and Casajus Ramo, A. and
                        Charpentier, P. and Closier, J. and others",
      title          = "{DIRAC3: The new generation of the LHCb grid software}",
      journal        = "J. Phys. Conf. Ser.",
      volume         = "219",
      pages          = "062029",
      doi            = "10.1088/1742-6596/219/6/062029",
      year           = "2010",
      SLACcitation   = "%%CITATION = 00462,219,062029;%%",
}

@article{BelleDIRACAmazon,
      author         = "Graciani Diaz, Ricardo and Casajus Ramo, Adria and Carmona uero, Ana and Fifield, Thomas and Sevior, Martin",
      title          = "{Belle-DIRAC setup for using Amazon Elastic Compute Cloud}",
      journal        = "Journal of Grid Computing",
      volume         = "9",
      year           = "2011",
      pages          = "65-79",
      doi            = "10.1007/s10723-010-9175-7",
}

% EVTGEN
@Article{Lange:2001uf,
     author    = "Lange, D. J.",
     title     = "{The EvtGen particle decay simulation package}",
     journal   = "Nucl. Instrum. Meth.",
     volume    = "A462",
     year      = "2001",
     pages     = "152-155",
     doi       = "10.1016/S0168-9002(01)00089-4",
     SLACcitation  = "%%CITATION = NUIMA,A462,152;%%"
}

% PHOTOS
@article{Golonka:2005pn,
      author         = "Golonka, Piotr and Was, Zbigniew",
      title          = "{PHOTOS Monte Carlo: A precision tool for QED
                  corrections in $Z$ and $W$ decays}",
      journal        = "Eur. Phys. J.",
      volume         = "C45",
      pages          = "97-107",
      doi            = "10.1140/epjc/s2005-02396-4",
      year           = "2006",
      eprint         = "hep-ph/0506026",
      archivePrefix  = "arXiv",
      primaryClass   = "hep-ph",
      reportNumber   = "IFJPAN-V-05-01, CERN-PH-TH-2005-091",
      SLACcitation   = "%%CITATION = HEP-PH/0506026;%%",
}

% Crystal Ball function
@PhdThesis{Skwarnicki:1986xj,
  author    = "Skwarnicki, Tomasz",
  title     = "{A study of the radiative cascade transitions between the
                  Upsilon-prime and Upsilon resonances}",
  school = 	 {Institute of Nuclear Physics, Krakow},
  year = 	 {1986},
  note = 	 "{\href{http://inspirehep.net/record/230779/}{DESY-F31-86-02}}",
  SLACcitation   = "%%CITATION = DESY-F31-86-02 ETC.;%%"
}

% Hypatia, etc.
@article{Santos:2013gra,
      author         = "Mart{\'\i}nez Santos, Diego and Dupertuis, Fr{\'e}d{\'e}ric",
      title          = "{Mass distributions marginalized over per-event errors}",
      journal        = "Nucl. Instrum. Meth.",
      volume         = "A764",
      year           = "2014",
      pages          = "150-155",
      doi            = "10.1016/j.nima.2014.06.081",
      eprint         = "1312.5000",
      archivePrefix  = "arXiv",
      primaryClass   = "hep-ex",
      SLACcitation   = "%%CITATION = ARXIV:1312.5000;%%"
}

% RapidSim
@article{Cowan:2016tnm,
      author         = "Cowan, G. A. and Craik, D. C. and Needham, M. D.",
      title          = "{RapidSim: an application for the fast simulation of
                        heavy-quark hadron decays}",
      journal        = "Comput. Phys. Commun.",
      volume         = "214",
      year           = "2017",
      pages          = "239-246",
      doi            = "10.1016/j.cpc.2017.01.029",
      eprint         = "1612.07489",
      archivePrefix  = "arXiv",
      primaryClass   = "hep-ex",
      SLACcitation   = "%%CITATION = ARXIV:1612.07489;%%"
}

% BDT
@book{Breiman,
  author = 	 {Breiman, L. and Friedman, J. H. and Olshen,
                  R. A. and Stone, C. J.},
  title = 	 {Classification and regression trees},
  publisher = 	 {Wadsworth international group},
  year = 	 {1984},
  address = 	 {Belmont, California, USA},
}

@article{Roe,
   author = "Roe, B.~P. and Yang, H.-J. and Zhu, J. and Liu,
                  Y. and Stancu, I. and McGregor, G.",
    title = "{Boosted decision trees as an alternative to artificial neural networks for particle identification}",
  journal = "Nucl. Instrum. Meth.",
   eprint = "physics/0408124",
archivePrefix  = "arXiv",
 primaryClass   = "physics",
     year = "2005",
   volume = "A543",
    pages = "577",
      doi = {10.1016/j.nima.2004.12.018},
}

% BDT training with AdaBoost
@Article{AdaBoost,
  author = 	 "Freund, Yoav and Schapire, Robert E.",
  title = 	 "A decision-theoretic generalization of on-line learning and an application to boosting",
  journal = 	 "J. Comput. Syst. Sci.",
  volume         = "55",
  pages          = "119",
  year = 	 {1997},
  doi            = "10.1006/jcss.1997.1504",
}

% Multivariate topological trigger
@article{BBDT,
      author         = "Gligorov, V. V. and Williams, M.",
      title          = "{Efficient, reliable and fast high-level triggering using a bonsai boosted decision tree}",
      journal        = "JINST",
      volume         = "8",
      pages          = "P02013",
      doi            = "10.1088/1748-0221/8/02/P02013",
      year           = "2013",
      eprint         = "1210.6861",
      archivePrefix  = "arXiv",
      primaryClass   = "physics.ins-det",

}


%DecayTreeFitter
@article{Hulsbergen:2005pu,
      author         = "Hulsbergen, Wouter D.",
      title          = "{Decay chain fitting with a Kalman filter}",
      journal        = "Nucl. Instrum. Meth.",
      volume         = "A552",
      pages          = "566-575",
      doi            = "10.1016/j.nima.2005.06.078",
      year           = "2005",
      eprint         = "physics/0503191",
      archivePrefix  = "arXiv",
      primaryClass   = "physics",
      SLACcitation   = "%%CITATION = PHYSICS/0503191;%%",
}

%sPlot
@article{Pivk:2004ty,
      author         = "Pivk, Muriel and Le Diberder, Francois R.",
      title          = "{sPlot: A statistical tool to unfold data distributions}",
      journal        = "Nucl. Instrum. Meth.",
      volume         = "A555",
      pages          = "356-369",
      doi            = "10.1016/j.nima.2005.08.106",
      year           = "2005",
      eprint         = "physics/0402083",
      archivePrefix  = "arXiv",
      primaryClass   = "physics.data-an",
      reportNumber   = "LAL-04-07",
      SLACcitation   = "%%CITATION = PHYSICS/0402083;%%",
}

%Wilks' theorem
@article{Wilks:1938dza,
      author         = "Wilks, S. S.",
      title          = "{The large-sample distribution of the likelihood ratio
                        for testing composite hypotheses}",
      journal        = "Ann. Math.Stat.",
      volume         = "9",
      pages          = "60-62",
      doi            = "10.1214/aoms/1177732360",
      year           = "1938",
      SLACcitation   = "%%CITATION = AASTA,9,60;%%",
}

%Punzi's optimization criterion
@article{Punzi:2003bu,
      author         = "Punzi, Giovanni",
      title          = "{Sensitivity of searches for new signals and its
                        optimization}",
      booktitle      = "{Statistical problems in particle physics, astrophysics
                        and cosmology. Proceedings, Conference, PHYSTAT 2003,
                        Stanford, USA, September 8-11, 2003}",
      journal        = "eConf",
      volume         = "C030908",
      year           = "2003",
      pages          = "MODT002",
      eprint         = "physics/0308063",
      archivePrefix  = "arXiv",
      primaryClass   = "physics",
      reportNumber   = "PHYSTAT-2003-MODT002",
      SLACcitation   = "%%CITATION = PHYSICS/0308063;%%"
}

@article{fsfd,
      author         = "Aaij, R. and others",
      title          = "{Measurement of the fragmentation fraction ratio $f_s/f_d$ and its dependence on $B$ meson kinematics}",
      collaboration  = "LHCb collaboration",
      journal        = "JHEP",
      volume         = "04",
      pages          = "001",
      doi            = "10.1007/JHEP04(2013)001",
      year           = "2013",
      eprint         = "1301.5286",
      archivePrefix  = "arXiv",
      primaryClass   = "hep-ex",
      reportNumber   = "CERN-PH-EP-2013-006, LHCB-PAPER-2012-037",
      SLACcitation   = "%%CITATION = ARXIV:1301.5286;%%",
      note           = "$f_s/f_d$ value updated in \href{https://cds.cern.ch/record/1559262}{LHCb-CONF-2013-011}"
}

@Article{Weinberg:1967,
     author    = "Steven Weinberg and T.D. Lee and B. Zumino",
     title     = "Algebra of fields",
     journal   = "Phys. Lett.",
     volume    = "18",
     year      = "1967",
     pages     = "1029-1032"
}

@article{Cabibbo:1963yz,
      author         = "Cabibbo, Nicola",
      title          = "{Unitary symmetry and leptonic decays}",
      booktitle      = "{Meeting of the Italian School of Physics and Weak
                        Interactions Bologna, Italy, April 26-28, 1984}",
      journal        = "Phys. Rev. Lett.",
      volume         = "10",
      year           = "1963",
      pages          = "531-533",
      doi            = "10.1103/PhysRevLett.10.531",
      SLACcitation   = "%%CITATION = PRLTA,10,531;%%"
}
@article{Kobayashi:1973fv,
      author         = "Kobayashi, Makoto and Maskawa, Toshihide",
      title          = "{\CP-Violation in the renormalizable theory of weak
                        interaction}",
      journal        = "Prog. Theor. Phys.",
      volume         = "49",
      year           = "1973",
      pages          = "652-657",
      doi            = "10.1143/PTP.49.652",
      reportNumber   = "KUNS-242",
      SLACcitation   = "%%CITATION = PTPKA,49,652;%%"
}

@article{FerroLuzzi:2005em,
      author         = "Ferro-Luzzi, M.",
      title          = "{Proposal for an absolute luminosity determination in
                        colliding beam experiments using vertex detection of
                        beam-gas interactions}",
      journal        = "Nucl. Instrum. Meth.",
      volume         = "A553",
      pages          = "388-399",
      doi            = "10.1016/j.nima.2005.07.010",
      year           = "2005",
}

@article{Skands:2009zm,
      author         = "Skands, Peter Z.",
      title          = "{The Perugia tunes}",
      year           = "2009",
      eprint         = "0905.3418",
      archivePrefix  = "arXiv",
      primaryClass   = "hep-ph",
}

@Misc{BibTeX,
  author = 	 {Feder, Alexander},
  title = 	 {Your {Bib\TeX} resource},
  howpublished = {\href{http://www.bibtex.org/} {http://www.bibtex.org/}},
}

@Misc{mciteplus,
  author = 	 {Shell, Michael},
  title = 	 {Mciteplus: Enhanced multicitations},
  howpublished = {\href{http://www.michaelshell.org/tex/mciteplus/} {http://www.michaelshell.org/tex/mciteplus/}},
}

@article{Bobeth:2011gi,
      author         = "Bobeth, Christoph and Hiller, Gudrun and van Dyk, Danny",
      title          = "{More benefits of semileptonic rare $B$ decays at low
                        recoil: \CP Violation}",
      journal        = "JHEP",
      volume         = "07",
      pages          = "067",
      doi            = "10.1007/JHEP07(2011)067",
      year           = "2011",
      eprint         = "1105.0376",
      archivePrefix  = "arXiv",
      primaryClass   = "hep-ph",
      reportNumber   = "DO-TH-10-16",
      SLACcitation   = "%%CITATION = ARXIV:1105.0376;%%",
}

@lhcbreport{LHCb-INT-2011-047,
      author       = "Dickens, Jeremy",
      title        = "A measurement of the photon efficiency from the 2010 data",
      number       = "LHCb-INT-2011-047",
}

@lhcbreport{LHCb-ANA-2011-078,
      author       = "Adrover, C and Albrecht, J and Bettler, M-O and Carson, L
                      and Cid Vidal, X and Elsasser, C and Hernando Morata, J A
                      and Lanfranchi, G and Mancinelli, G and Martinez Santos, D
                      and Matveev, M and Palutan, M and Perrin-Terrin, M and
                      Sagidova, N and Sarti, A and Serrano, J and Shcheglov, Y and
                      Steinkamp, O and Archilli, F and Sciascia, B",
      title        = "{Searches for $\Bs \to \mumu$ and $\Bd \to \mumu$ in $370 \invpb$ at LHCb}",
      number       = "LHCb-ANA-2011-078",
}

@lhcbreport{LHCb-PUB-2016-021,
      author        = "Anderlini, Lucio and Contu, Andrea and Jones, Christopher
                       Rob and Malde, Sneha Sirirshkumar and Muller, Dominik and
                       Ogilvy, Stephen and Otalora Goicochea, Juan Martin and
                       Pearce, Alex and Polyakov, Ivan and Qian, Wenbin and
                       Sciascia, Barbara and Vazquez Gomez, Ricardo and Zhang,
                       Yanxi",
      title         = "{The PIDCalib package}",
      number        = "LHCb-PUB-2016-021",
      month         = "July",
      year          = "2016",
      url           = "http://cds.cern.ch/record/2202412",
}

@lhcbreport{CERN-THESIS-2014-057,
      author        = "Owen, Patrick",
      title         = "{Measurement of branching fractions, isospin asymmetries
                       and angular observables in exclusive electroweak penguin
                       decays}",
      school        = "Imperial Coll., London",
      month         = "Mar",
      year          = "2014",
      number       = "CERN-THESIS-2014-057",
}

@lhcbreport{LHCb-PROC-2014-017,
      author        = "Perret, Pascal",
      title         = "{First Years of Running for the LHCb Calorimeter system}",
      month         = "Jul",
      year          = "2014",
      number       = "LHCb-PROC-2014-017",
}

@lhcbreport{LHCb-TALK-2014-257,
      author       = "Egede, Ulrik",
      title        = "Future of heavy flavour physics",
      number       = "LHCb-TALK-2014-257",
}

% Real-time calibration
@INPROCEEDINGS{Dujany:2017839,
      author        = "Dujany, Giulio and Storaci, Barbara",
      title         = "{Real-time alignment and calibration of the LHCb Detector
                       in Run II}",
      month         = "Apr",
      year          = "2015",
      number        = "LHCb-PROC-2015-011",
      url           = "https://cds.cern.ch/record/2017839",
}

% Turbo stream 
@article{LHCb-PROC-2015-011,
      author        = "Dujany, Giulio and Storaci, Barbara",
      title         = "{Real-time alignment and calibration of the LHCb Detector
                       in Run II}",
      journal="J. Phys. Conf. Ser.",
      volume={664},
      pages={082010},
      doi={10.1088/1742-6596/664/8/082010},
      year={2015},
}

% LHC beam energy calibration and uncertainty
@article{PhysRevAccelBeams.20.081003,
 title = "{Large Hadron Collider momentum calibration and accuracy}",
 author = {Todesco, E. and Wenninger, J.},
 journal = {Phys. Rev. Accel. Beams},
 volume = {20},
 issue = {8},
 pages = {081003},
 numpages = {14},
 year = {2017},
 month = {Aug},
 publisher = {American Physical Society},
 doi = {10.1103/PhysRevAccelBeams.20.081003},
 url = {https://link.aps.org/doi/10.1103/PhysRevAccelBeams.20.081003}
}

% the CLS method
@article{CLs,
  author="A L Read",
  title="{Presentation of search results: The CL$_{\rm s}$ technique}",
  journal="J. Phys.",
  volume="G28",
  pages="2693",
  doi="10.1088/0954-3899/28/10/313",
  year="2002",
}

@article{CKMfitter2005,
      author         = "Charles, J. and H{\"o}cker, Andreas and Lacker, H. and
                        Laplace, S. and Le Diberder, F. R. and Malcl{\`e}s, J. and
                        Ocariz, J. and Pivk, M. and Roos, L.",
      title          = "{\CP violation and the CKM matrix: Assessing the impact of the asymmetric $B$ factories}",
      collaboration  = "CKMfitter group",
      journal        = "Eur. Phys. J.",
      volume         = "C41",
      year           = "2005",
      pages          = "1",
      doi            = "10.1140/epjc/s2005-02169-1",
      eprint         = "hep-ph/0406184",
      archivePrefix  = "arXiv",
      primaryClass   = "hep-ph",
      reportNumber   = "CPT-2004-P-030, LAL-04-21, LAPP-EXP-2004-01, LPNHE-2004-01",
      SLACcitation   = "%%CITATION = HEP-PH/0406184;%%",
      note           = "{updated results and plots available at \href{http://ckmfitter.in2p3.fr/}{{\texttt{http://ckmfitter.in2p3.fr/}}}}",
}

@article{CKMfitter2015,
      author         = "Charles, J. and others",
      title          = "{Current status of the Standard Model CKM fit and constraints on \hbox{$\Delta F=2$} new physics}",
      collaboration  = "CKMfitter group",
      journal        = "Phys. Rev.",
      volume         = "D91",
      year           = "2015",
      pages          = "073007",
      doi            = "10.1103/PhysRevD.91.073007",
      eprint         = "1501.05013",
      archivePrefix  = "arXiv",
      primaryClass   = "hep-ph",
      reportNumber   = "LPT-ORSAY-15-04",
      SLACcitation   = "%%CITATION = ARXIV:1501.05013;%%",
      note           = "{updated results and plots available at \href{http://ckmfitter.in2p3.fr/}{{\texttt{http://ckmfitter.in2p3.fr/}}}}",
}

% UTfit Standard Model / Unitarity Triangle
@article{UTfit-UT,
      author         = "Bona, M. and others",
      title          = "{The unitarity triangle fit in the standard model and
                        hadronic parameters from lattice QCD: A reappraisal after
                        the measurements of $\Delta m_{s}$ and $BR(B\to\tau\nu_{\tau})$}",
      collaboration  = "UTfit collaboration",
      journal        = "JHEP",
      volume         = "10",
      year           = "2006",
      pages          = "081",
      doi            = "10.1088/1126-6708/2006/10/081",
      eprint         = "hep-ph/0606167",
      archivePrefix  = "arXiv",
      primaryClass   = "hep-ph",
      SLACcitation   = "%%CITATION = HEP-PH/0606167;%%",
      note           = "{updated results and plots available at \href{http://www.utfit.org/}{{\texttt{http://www.utfit.org/}}}}",
}

% UTfit New Physics
@article{UTfit-NP,
      author         = "Bona, M. and others",
      title          = "{Constraints on new physics from the quark mixing unitarity triangle}",
      collaboration  = "UTfit collaboration",
      journal        = "Phys. Rev. Lett.",
      volume         = "97",
      year           = "2006",
      pages          = "151803",
      doi            = "10.1103/PhysRevLett.97.151803",
      eprint         = "hep-ph/0605213",
      archivePrefix  = "arXiv",
      primaryClass   = "hep-ph",
      SLACcitation   = "%%CITATION = HEP-PH/0605213;%%",
      note           = "{updated results and plots available at \href{http://www.utfit.org/}{{\texttt{http://www.utfit.org/}}}}",
}


@article{Scikit,
      author         = "Pedregosa, Fabian and others",
      title          = "{Scikit-learn: Machine learning in Python}",
      journal        = "J. Machine Learning Res.",
      volume         = "12",
      year           = "2011",
      pages          = "2825",
      eprint         = "1201.0490",
      archivePrefix  = "arXiv",
      primaryClass   = "cs.LG",
      url            = "{http://www.jmlr.org/papers/v12/pedregosa11a.html}",
      SLACcitation   = "%%CITATION = ARXIV:1201.0490;%%",
      note           = "{and online at \href{http://scikit-learn.org/stable/}{{\texttt{http://scikit-learn.org/stable/}}}}",
}

@article{Adye:2011gm,
      author         = "Adye, Tim",
      title          = "{Unfolding algorithms and tests using RooUnfold}",
      booktitle      = "{Proceedings, PHYSTAT 2011 Workshop on Statistical Issues
                        Related to Discovery Claims in Search Experiments and
                        Unfolding, CERN,Geneva, Switzerland 17-20 January 2011}",
      organization   = "CERN",
      publisher      = "CERN",
      address        = "Geneva",
      year           = "2011",
      url            = "https://inspirehep.net/record/898599/files/arXiv:1105.1160.pdf",
      pages          = "313-318",
      doi            = "10.5170/CERN-2011-006.313",
      eprint         = "1105.1160",
      archivePrefix  = "arXiv",
      primaryClass   = "physics.data-an",
      SLACcitation   = "%%CITATION = ARXIV:1105.1160;%%"
}

%
% baryon asymmetry in Universe - some options
%
@article{Gavela:1993ts,
      author         = "Gavela, M. B. and Hernandez, P. and Orloff, J. and P\`ene, O.",
      title          = "{Standard model \CP violation and baryon asymmetry}",
      journal        = "Mod. Phys. Lett.",
      volume         = "A9",
      year           = "1994",
      pages          = "795-810",
      doi            = "10.1142/S0217732394000629",
      eprint         = "hep-ph/9312215",
      archivePrefix  = "arXiv",
      primaryClass   = "hep-ph",
      reportNumber   = "CERN-TH-7081-93, LPTHE-ORSAY-93-48, HUTP-93-A036,
                        HD-THEP-93-45",
      SLACcitation   = "%%CITATION = HEP-PH/9312215;%%"
}

@article{Gavela:1994dt,
      author         = "Gavela, M. B. and Hernandez, P. and Orloff, J. and Pene, O. and Quimbay, C.",
      title          = "{Standard model \CP violation and baryon asymmetry. Part 2: Finite temperature}",
      journal        = "Nucl. Phys.",
      volume         = "B430",
      year           = "1994",
      pages          = "382-426",
      doi            = "10.1016/0550-3213(94)00410-2",
      eprint         = "hep-ph/9406289",
      archivePrefix  = "arXiv",
      primaryClass   = "hep-ph",
      reportNumber   = "CERN-TH-7263-94, LPTHE-ORSAY-94-49, HUTP-94-A015,
                        HD-THEP-94-20, FTUAM-94-14, NSF-ITP-94-65",
      SLACcitation   = "%%CITATION = HEP-PH/9406289;%%"
}

@article{Huet:1994jb,
      author         = "Huet, Patrick and Sather, Eric",
      title          = "{Electroweak baryogenesis and standard model \CP violation}",
      journal        = "Phys. Rev.",
      volume         = "D51",
      year           = "1995",
      pages          = "379-394",
      doi            = "10.1103/PhysRevD.51.379",
      eprint         = "hep-ph/9404302",
      archivePrefix  = "arXiv",
      primaryClass   = "hep-ph",
      reportNumber   = "SLAC-PUB-6479",
      SLACcitation   = "%%CITATION = HEP-PH/9404302;%%"
}
% Revtex
@Misc{REVTeX,
  author = 
"{American Physical Society}",
  title = 
"{APS {REV\TeX} package}",
  howpublished = {\href{https://journals.aps.org/revtex}{https://journals.aps.org/revtex}},
}

% Hep-ML
@article{Rogozhnikov:2016bdp,
      author         = "Rogozhnikov, A.",
      title          = "{Reweighting with Boosted Decision Trees}",
      booktitle      = "{Proceedings, 17th International Workshop on Advanced
                        Computing and Analysis Techniques in Physics Research
                        (ACAT 2016): Valparaiso, Chile, January 18-22, 2016}",
      journal        = "J. Phys. Conf. Ser.",
      volume         = "762",
      year           = "2016",
      number         = "1",
      page           = "012036",
      doi            = "10.1088/1742-6596/762/1/012036",
      eprint         = "1608.05806",
      archivePrefix  = "arXiv",
      primaryClass   = "physics.data-an",
      note           = "\url{https://github.com/arogozhnikov/hep_ml}",
      SLACcitation   = "%%CITATION = ARXIV:1608.05806;%%"
}

% bootstrap
@article{efron:1979,
author = "Efron, B.",
doi = "10.1214/aos/1176344552",
fjournal = "The Annals of Statistics",
journal = "Ann. Statist.",
month = "01",
number = "1",
pages = "1--26",
publisher = "The Institute of Mathematical Statistics",
title = "Bootstrap Methods: Another Look at the Jackknife",
volume = "7",
year = "1979"
}



@article{Boyd:1995sq,
      author         = "Boyd, C. Glenn and Grinstein, Benjamin and Lebed, Richard
                        F.",
      title          = "{Model independent determinations of $\bar{B}\to D\ell \barnuell,  D^\ast\ell \barnuell$ form-factors}",
      journal        = "Nucl. Phys.",
      volume         = "B461",
      year           = "1996",
      pages          = "493-511",
      doi            = "10.1016/0550-3213(95)00653-2",
      eprint         = "hep-ph/9508211",
      archivePrefix  = "arXiv",
      primaryClass   = "hep-ph",
      reportNumber   = "UCSD-PTH-95-11",
      SLACcitation   = "%%CITATION = HEP-PH/9508211;%%"
}

@article{Boyd:1997kz,
      author         = "Boyd, C. Glenn and Grinstein, Benjamin and Lebed, Richard
                        F.",
      title          = "{Precision corrections to dispersive bounds on
                        form-factors}",
      journal        = "Phys. Rev.",
      volume         = "D56",
      year           = "1997",
      pages          = "6895-6911",
      doi            = "10.1103/PhysRevD.56.6895",
      eprint         = "hep-ph/9705252",
      archivePrefix  = "arXiv",
      primaryClass   = "hep-ph",
      reportNumber   = "CMU-HEP-97-07A, UCSD-PTH-97-12",
      SLACcitation   = "%%CITATION = HEP-PH/9705252;%%"
}

@article{Grinstein:2017nlq,
      author         = "Grinstein, Benjamin and Kobach, Andrew",
      title          = "{Model-Independent Extraction of $|V_{cb}|$ from
                        $\bar{B}\rightarrow D^* \ell \overline{\nu}$}",
      year           = "2017",
      eprint         = "1703.08170",
      archivePrefix  = "arXiv",
      primaryClass   = "hep-ph",
      SLACcitation   = "%%CITATION = ARXIV:1703.08170;%%"
}


@article{Bailey:2014tva,
      author         = "Bailey, Jon A. and others",
      title          = "{Update of $|V_{cb}|$ from the $\bar{B}\to
                        D^*\ell\bar{\nu}$ form factor at zero recoil with
                        three-flavor lattice QCD}",
      collaboration  = "Fermilab Lattice, MILC",
      journal        = "Phys. Rev.",
      volume         = "D89",
      year           = "2014",
      number         = "11",
      pages          = "114504",
      doi            = "10.1103/PhysRevD.89.114504",
      eprint         = "1403.0635",
      archivePrefix  = "arXiv",
      primaryClass   = "hep-lat",
      reportNumber   = "FERMILAB-PUB-14-039-T",
      SLACcitation   = "%%CITATION = ARXIV:1403.0635;%%"
}

@article{Bigi:2017njr,
      author         = "Bigi, Dante and Gambino, Paolo and Schacht, Stefan",
      title          = "{A fresh look at the determination of $|V_{cb}|$ from
                        $B\to D^{*} \ell \nu$}",
      journal        = "Phys. Lett.",
      volume         = "B769",
      year           = "2017",
      pages          = "441-445",
      doi            = "10.1016/j.physletb.2017.04.022",
      eprint         = "1703.06124",
      archivePrefix  = "arXiv",
      primaryClass   = "hep-ph",
      SLACcitation   = "%%CITATION = ARXIV:1703.06124;%%"
}

@article{Bigi:2017jbd,
      author         = "Bigi, Dante and Gambino, Paolo and Schacht, Stefan",
      title          = "{$R(D^*)$, $|V_{cb}|$, and the Heavy Quark Symmetry relations
                        between form factors}",
      year           = "2017",
      eprint         = "1707.09509",
      archivePrefix  = "arXiv",
      primaryClass   = "hep-ph",
      SLACcitation   = "%%CITATION = ARXIV:1707.09509;%%"
}


@article{Abdesselam:2017kjf,
      author         = "Abdesselam, A. and others",
      title          = "{Precise determination of the CKM matrix element $\left|
                        V_{cb}\right|$ with $\bar B^0 \to D^{*\,+} \, \ell^- \,
                        \bar \nu_\ell$ decays with hadronic tagging at Belle}",
      collaboration  = "Belle",
      year           = "2017",
      eprint         = "1702.01521",
      archivePrefix  = "arXiv",
      primaryClass   = "hep-ex",
      reportNumber   = "BELLE-CONF-1612",
      SLACcitation   = "%%CITATION = ARXIV:1702.01521;%%"
}

@article{Faller:2008tr,
      author         = "Faller, S. and Khodjamirian, A. and Klein, Ch. and
                        Mannel, Th.",
      title          = "{$B\to D^\ast$ Form Factors from QCD Light-Cone Sum Rules}",
      journal        = "Eur. Phys. J.",
      volume         = "C60",
      year           = "2009",
      pages          = "603-615",
      doi            = "10.1140/epjc/s10052-009-0968-4",
      eprint         = "0809.0222",
      archivePrefix  = "arXiv",
      primaryClass   = "hep-ph",
      reportNumber   = "SI-HEP-2008-13",
      SLACcitation   = "%%CITATION = ARXIV:0809.0222;%%"
}

@article{Fajfer:2012vx,
      author         = "Fajfer, Svjetlana and Kamenik, Jernej F. and Nisandzic,
                        Ivan",
      title          = "{On the $B \to D^* \tau \bar \nu_{\tau}$ Sensitivity to
                        New Physics}",
      journal        = "Phys. Rev.",
      volume         = "D85",
      year           = "2012",
      pages          = "094025",
      doi            = "10.1103/PhysRevD.85.094025",
      eprint         = "1203.2654",
      archivePrefix  = "arXiv",
      primaryClass   = "hep-ph",
      SLACcitation   = "%%CITATION = ARXIV:1203.2654;%%"
}


@article{Sirlin:1981ie,
      author         = "Sirlin, A.",
      title          = "{Large m(W), m(Z) Behavior of the O(alpha) Corrections to
                        Semileptonic Processes Mediated by W}",
      journal        = "Nucl. Phys.",
      volume         = "B196",
      year           = "1982",
      pages          = "83-92",
      doi            = "10.1016/0550-3213(82)90303-0",
      reportNumber   = "NYU/TR8/81",
      SLACcitation   = "%%CITATION = NUPHA,B196,83;%%"
}



cle{bsemiexcl_bad,
  author = {{D}aniele del {R}e \etal},
  title = {Semi-Exclusive ${B}$ reconstruction},
  journal = {BAD271}
}

@article{rholnu_bad,
  author = {{B}iplab {D}ey \etal},
  title = {Tagged angular analysis of $\brlnu$},
  journal = {BAD2566}
}

@article{manuel_bad,
  author = {Sevilla, Manuel Franco and Pegna, David Lopes and Luth, Vera},
  title = {Observation of the exclusive semileptonic decay ${B\to D \tau^- \bar{\nu}_\tau}$ and measurement of ${R}({D}^{(*)})$},
  journal = {BAD2201 and BAD2467}
}

@article{manuel_prl,
  title = {Evidence for an {E}xcess of $\overline{B} \to {D}^{(\ast)} \tau^- \overline{\nu}_\tau$ {D}ecays},
  author = {Lees \etal},
  collaboration = {BABAR Collaboration},
  journal = {Phys. Rev. Lett.},
  volume = {109},
  issue = {10},
  pages = {101802},
  numpages = {8},
  year = {2012},
  month = {Sep},
  doi = {10.1103/PhysRevLett.109.101802},
  url = {http://link.aps.org/doi/10.1103/PhysRevLett.109.101802},
  publisher = {American Physical Society}
}



@article{manuel_prd,
  author = {The BaBar Collaboration},
  title = {Measurement of an {E}xcess of $\overline{B} \to {D}^{(\ast)} \tau^- \overline{\nu}_\tau$ {D}ecays and {I}mplications for {C}harged {H}iggs {B}osons},
  journal = {arXiv:1303.0571},
  year = {2013}
}


@article{dana_bad,
  author = {Lindemann, D. M. and Robertson, S. H.},
  title = {A search for the rare decay ${B\to K^{(*)} \nu \bar{\nu}}$ using hadronic tag reconstruction},
  journal = {BAD2435}
}

@article{chiara_thesis,
   author = {Piacentini, Chiara},
   title = {Study of semileptonic ${B \to D^{(*)} \ell \nu}$ decays tagged with fully reconstructed ${B}$ mesons at ${\babar}$}
}

@article{bsemiexcl_bad,
  author = {{D}aniele del {R}e \etal},
  title = {Semi-Exclusive ${B}$ reconstruction},
  journal = {BAD271}
}

@article{treefitter,
   title = {Decay chain fitting with a {K}alman {l}ter.},
   author ={Hulsbergen, W. D.},
   journal = {Nuclear Instruments and Methods in Physics Research A},
   volume = {552},
   pages = {556},
   year = {2005}
}

@article{gilman_full_expr,
  title = {Analysis of semileptonic decays of mesons containing heavy quarks},
  month = {Jan},
  journal = {Phys. Rev. D},
  doi = {10.1103/PhysRevD.41.142},
  author = {Gilman, Frederick J. and Singleton, Robert L.},
  year = {1990},
  issue = {1},
  url = {http://link.aps.org/doi/10.1103/PhysRevD.41.142},
  publisher = {American Physical Society},
  pages = {142--150},
  volume = {41}
}

@article{richman_burchat_SL,
  title = {Leptonic and semileptonic decays of charm and bottom hadrons},
  month = {Oct},
  journal = {Rev. Mod. Phys.},
  doi = {10.1103/RevModPhys.67.893},
  author = {Richman, Jeffrey D. and Burchat, Patricia R.},
  year = {1995},
  issue = {4},
  url = {http://link.aps.org/doi/10.1103/RevModPhys.67.893},
  publisher = {American Physical Society},
  pages = {893--976},
  volume = {67}
}


@article{hagiwara_npb,
   title = "Exclusive semileptonic {B}-meson decays",
   journal = "Nuclear Physics B",
   volume = "327",
   number = "3",
   pages = "569 - 594",
   year = "1989",
   note = "",
   issn = "0550-3213",
   doi = "10.1016/0550-3213(89)90306-4",
   url = "http://www.sciencedirect.com/science/article/pii/0550321389903064",
   author = "K. Hagiwara and A.D. Martin and M.F. Wade"
}


@article{Becirevic:2016hea,
      author         = "Becirevic, Damir and Fajfer, Svjetlana and Nisandzic,
                        Ivan and Tayduganov, Andrey",
      title          = "{Angular distributions of $\bar B \to D^{(\ast)}\ell\bar
                        \nu_\ell$ decays and search of New Physics}",
      year           = "2016",
      eprint         = "1602.03030",
      archivePrefix  = "arXiv",
      primaryClass   = "hep-ph",
      reportNumber   = "LPT-15-77, DO-TH-16-04",
      SLACcitation   = "%%CITATION = ARXIV:1602.03030;%%"
}

@article{Ligeti:2016npd,
      author         = "Ligeti, Zoltan and Papucci, Michele and Robinson, Dean
                        J.",
      title          = "{New Physics in the Visible Final States of $B\to
                        D^{(*)}\tau\nu$}",
      journal        = "JHEP",
      volume         = "01",
      year           = "2017",
      pages          = "083",
      doi            = "10.1007/JHEP01(2017)083",
      eprint         = "1610.02045",
      archivePrefix  = "arXiv",
      primaryClass   = "hep-ph",
      SLACcitation   = "%%CITATION = ARXIV:1610.02045;%%"
}


@article{jongphillee_tensor,
  title = "{CP} violating transverse lepton polarization in ${{B}\to {D}^{(\ast)} \ell \bar{\nu}}$ including tensor interactions",
  journal = "Physics Letters B",
  volume = "526",
  number = "12",
  pages = "61 - 71",
  year = "2002",
  issn = "0370-2693",
  doi = "10.1016/S0370-2693(01)01492-7",
  url = "http://www.sciencedirect.com/science/article/pii/S0370269301014927",
  author = "Jong-Phil Lee"
}

@article{korner,
   year={1990},
   issn={0170-9739},
   journal={Zeitschrift fur Physik C Particles and Fields},
   volume={46},
   number={1},
   doi={10.1007/BF02440838},
   title={Exclusive semileptonic heavy meson decays including lepton mass effects},
   url={http://dx.doi.org/10.1007/BF02440838},
   publisher={Springer-Verlag},
   author={Korner, J.G. and Schuler, G.A.},
   pages={93-109},
}

@article{korner_schilcher,
   title = "{T}-odd and {CP}-odd triple momentum correlations in the exclusive semi-leptonic bottom meson decay ${{B}\to {D}^\ast \ell \nu_\ell}$",
   journal = "Physics Letters B",
   volume = "242",
   number = "1",
   pages = "119 - 127",
   year = "1990",
  issn = "0370-2693",
  doi = "10.1016/0370-2693(90)91606-C",
  url = "http://www.sciencedirect.com/science/article/pii/037026939091606C",
  author = "J.G. Korner and K. Schilcher and Y.L. Wu"
}


@article{b2xll-mom,
      author         = "Dey, Biplab",
      title          = "{Angular analyses of exclusive $\overline{B} \to X \ell_1
                        \ell_2$ with complex helicity amplitudes}",
      journal        = "Phys. Rev.",
      volume         = "D92",
      year           = "2015",
      pages          = "033013",
      doi            = "10.1103/PhysRevD.92.033013",
      eprint         = "1505.02873",
      archivePrefix  = "arXiv",
      primaryClass   = "hep-ex",
      SLACcitation   = "%%CITATION = ARXIV:1505.02873;%%"
}


@article{rizzo_1998,
  title = {Right-handed currents in ${B}$ decay reexamined},
  month = {Jul},
  journal = {Phys. Rev. D},
  doi = {10.1103/PhysRevD.58.055009},
  author = {Rizzo, Thomas G.},
  year = {1998},
  issue = {5},
  url = {http://link.aps.org/doi/10.1103/PhysRevD.58.055009},
  numpages = {16},
  publisher = {American Physical Society},
  pages = {055009},
  volume = {58}
}


@article{chen_jhep2006,
      author         = "Chen, Chuan-Hung and Geng, Chao-Qiang",
      title          = "{Charged Higgs on $B^-\to \tau \bar{\nu}_\tau$ and $\bar{B} \to P(V) \ell \barnuell$}",
      journal        = "JHEP",
      volume         = "10",
      year           = "2006",
      pages          = "053",
      doi            = "10.1088/1126-6708/2006/10/053",
      eprint         = "hep-ph/0608166",
      archivePrefix  = "arXiv",
      primaryClass   = "hep-ph",
      SLACcitation   = "%%CITATION = HEP-PH/0608166;%%"
}

@article{Aaij:2016kqt,
      author         = "Aaij, Roel and others",
      title          = "{Differential branching fraction and angular moments
                        analysis of the decay $B^0 \to K^+ \pi^- \mu^+ \mu^-$ in
                        the $K^*_{0,2}(1430)^0$ region}",
      collaboration  = "LHCb",
      journal        = "JHEP",
      volume         = "12",
      year           = "2016",
      pages          = "065",
      doi            = "10.1007/JHEP12(2016)065",
      eprint         = "1609.04736",
      archivePrefix  = "arXiv",
      primaryClass   = "hep-ex",
      reportNumber   = "CERN-EP-2016-215, LHCB-PAPER-2016-025",
      SLACcitation   = "%%CITATION = ARXIV:1609.04736;%%"
}

@article{Dey:2016oun,
      author         = "Dey, Biplab",
      title          = "{Angular analyses of exclusive $\overline{B} \to X_J
                        \ell_1 \ell_2$ decays for spin $J \leq 4$}",
      journal        = "Phys. Rev.",
      volume         = "D95",
      year           = "2017",
      number         = "3",
      pages          = "033004",
      doi            = "10.1103/PhysRevD.95.033004",
      eprint         = "1609.06115",
      archivePrefix  = "arXiv",
      primaryClass   = "hep-ph",
      SLACcitation   = "%%CITATION = ARXIV:1609.06115;%%"
}

@article{Caprini:1997mu,
      author         = "Caprini, Irinel and Lellouch, Laurent and Neubert,
                        Matthias",
      title          = "{Dispersive bounds on the shape of $\Bbar \to D^{(\ast)}\ell \bar{\nu}$ Form Factors}",
      journal        = "Nucl. Phys.",
      volume         = "B530",
      year           = "1998",
      pages          = "153-181",
      doi            = "10.1016/S0550-3213(98)00350-2",
      eprint         = "hep-ph/9712417",
      archivePrefix  = "arXiv",
      primaryClass   = "hep-ph",
      reportNumber   = "CERN-TH-97-091, CPT-97-P3480",
      SLACcitation   = "%%CITATION = HEP-PH/9712417;%%"
}


@article{Gligorov:2017nwh,
      author         = "Gligorov, Vladimir V. and Knapen, Simon and Papucci,
                        Michele and Robinson, Dean J.",
      title          = "{Searching for Long-lived Particles: A Compact Detector
                        for Exotics at LHCb}",
      journal        = "Phys. Rev.",
      volume         = "D97",
      year           = "2018",
      number         = "1",
      pages          = "015023",
      doi            = "10.1103/PhysRevD.97.015023",
      eprint         = "1708.09395",
      archivePrefix  = "arXiv",
      primaryClass   = "hep-ph",
      SLACcitation   = "%%CITATION = ARXIV:1708.09395;%%"
}

%Other detector proposals
%%% MATHUSLA %%%
@article{MATHUSLA:first,
      author         = "John Paul Chou, David Curtin, H. J. Lubatti.",
      title          = "{New Detectors to Explore the Lifetime Frontier}",
      journal        = "",
      year           = "2017",
      number         = "",
      pages          = "",
      doi            = "10.1016/j.physletb.2017.01.043",
      eprint         = "1606.06298",
      archivePrefix  = "arXiv",
      primaryClass   = "hep-ph",
      SLACcitation   = "%%CITATION = ARXIV:1606.06298;%%"
}

@article{MATHUSLA:second,
      author         = "David Curtin, Marco Drewes, Matthew McCullough, et al.",
      title          = "{Long-Lived Particles at the Energy Frontier: The MATHUSLA Physics Case}",
      journal        = "",
      year           = "2018",
      number         = "",
      pages          = "",
      doi            = "",
      eprint         = "1806.07396",
      archivePrefix  = "arXiv",
      primaryClass   = "hep-ph",
      SLACcitation   = "%%CITATION = ARXIV:1806.07396;%%"
}

%%% MilliQan %%%
@article{MilliQan:first,
      author         = "Austin Ball, Jim Brooke, Claudio Campagnari, et al.",
      title          = "{A Letter of Intent to Install a milli-charged Particle Detector at LHC P5}",
      journal        = "",
      year           = "2016",
      number         = "",
      pages          = "",
      doi            = "",
      eprint         = "1607.04669",
      archivePrefix  = "arXiv",
      primaryClass   = "physics.ins-det",
      SLACcitation   = "%%CITATION = ARXIV:1607.04669;%%"
}

%%% SHiP %%%
@article{SHiP:first,
      author         = "Sergey Alekhin, Wolfgang Altmannshofer, Takehiko Asaka, et al.",
      title          = "{A facility to Search for Hidden Particles at the CERN SPS: the SHiP physics case}",
      journal        = "Rep. Prog. Phys.",
      volume         = "79",
      year           = "2016",
      number         = "12",
      pages          = "",
      doi            = "10.1088/0034-4885/79/12/124201",
      eprint         = "1504.04855",
      archivePrefix  = "arXiv",
      primaryClass   = "hep-ph",
      SLACcitation   = "%%CITATION = ARXIV:1504.04855;%%"
}

@article{SHiP:second,
      author         = "Oliver Lantwin.",
      title          = "{Search for new physics with the SHiP experiment at CERN}",
      journal        = "",
      volume         = "",
      year           = "2017",
      number         = "",
      pages          = "",
      doi            = "",
      eprint         = "1710.03277",
      archivePrefix  = "arXiv",
      primaryClass   = "hep-ex",
      SLACcitation   = "%%CITATION = ARXIV:1710.03277;%%"
}

%%% faser %%%
@article{faser:first,
      author         = "Jonathan L. Feng, Iftah Galon, Felix Kling, Sebastian Trojanowski.",
      title          = "{FASER: ForwArd Search ExpeRiment at the LHC}",
      journal        = "Phys. Rev.",
      volume         = "D97",
      year           = "2018",
      number         = "3",
      pages          = "035001",
      doi            = "10.1103/PhysRevD.97.035001",
      eprint         = "1708.09389",
      archivePrefix  = "arXiv",
      primaryClass   = "hep-ph",
      SLACcitation   = "%%CITATION = ARXIV:1708.09389;%%"
}

%%% Beam-dump experiment in US %%%
@article{BeamDump:BDX,
      author         = "M. Battaglieri, A Bersani, B.Caiffi, et al.",
      title          = "{Dark matter search in a Beam-Dump eXperiment (BDX) at Jefferson Lab}",
      journal        = "",
      volume         = "",
      year           = "2016",
      number         = "",
      pages          = "",
      doi            = "",
      eprint         = "1607.01390",
      archivePrefix  = "arXiv",
      primaryClass   = "hep-ex",
      SLACcitation   = "%%CITATION = ARXIV:1607.01390;%%"
}
